 @INPROCEEDINGS{Joao,
 AUTHOR =       {J. Oliveira and V. Ataides},
 TITLE =        {Analize de desempenho de um no computacional de baixo consumo utilizando benchmark YCSB},
 BOOKTITLE =    {XVII Escola Regional de Alto Desempenho},
 YEAR =         {2017},
 pages =        {207-210},
 address =      {Ijui/RS, Brasil},
 }

  @INPROCEEDINGS{eu,
 AUTHOR =       {G. Souza, J. Oliveira and M. Pilla},
 TITLE =        {Comparação de Desempenho do Workload YCSB em Raspberry PI~B+ e~3},
 BOOKTITLE =    {XVIII Escola Regional de Alto Desempenho},
 YEAR =         {2018},
 pages =        {117-120},
 address =      {Porto Alegre/RS, Brasil},
 }

@misc{fundation2015raspberry,
  title={Raspberry Pi Documentation},
  author={Fundation, Raspberry Pi},
  year={2015}
}

@article{pi2013raspberry,
  title={Raspberry pi},
  author={Pi, Raspberry},
  journal={Raspberry Pi},
  volume={1},
  pages={1},
  year={2013}
}

@misc{Git,
title={YCSB Github},
author={{YCSB (2016)}},
howpublished={Disponível em:{\url{https://github.com/brianfrankcooper/ycsb}}},
note = {Acessado: 2017-11-22}
}

@misc{sitesFree,
title={Free CSS},
author={{Free CSS Templates, CSS Layouts e More!}},
howpublished={Disponível em:{\url{https://www.free-css.com/free-css-templates?start=36}}},
note = {Acessado: 2018-05-22}
}

 @misc{RAPL,
  title={Intel Running Average Power Limit Technology},
  author={S. Labasan, J. Shafer, R. Goldstone and B. Rountree},
  year={2013}
}

@misc{RAPLGit,
title={Running Average Power Limit - Power Measurements },
author={{Tfett}},
howpublished={Disponível em:{\url{https://github.com/tfett/RAPL}}},
note = {Acessado: 2018-06-22}
}

@misc{DellXPS,
title={Desktop XPS},
author={{Dell}},
howpublished={Disponível em:{\url{https://www.dell.com/pt-br/shop/desktops-da-dell/sf/xps-desktops}}},
note = {Acessado: 2018-06-22}
}

@misc{nginx,
title={Nginx},
author={{nginx}},
howpublished={Disponível em:{\url{https://www.nginx.com/}}},
note = {Acessado: 2018-05-10}
}

@misc{w3techs,
title={W3Techs Web Technology Surveys},
author={{W3Techs}},
howpublished={Disponível em:{\url{https://w3techs.com/}}},
note = {Acessado: 2018-05-5}
}

@ARTICLE{ddOS,
 AUTHOR =       {L. E. Solha, R. Texeira},
 TITLE =        {Tudo que você precisa saber sobre os ataques DDoS},
 JOURNAL =      {International Journal of Cloud Computing and Services Science},
 YEAR =         {200},
 volume =       {4},
 number =       {2},
 pages =        {1-11},
 }

 @misc{ddOS2,
  title={Network Security and DoS Attacks},
  author={S. Farraposo, L. Gallon and P. Owezarski},
  year={2005}
}

@ARTICLE{Miyuru, 
author={M. Dayarathna and Y. Wen and R. Fan}, 
journal={IEEE Communications Surveys Tutorials}, 
title={Data Center Energy Consumption Modeling: A Survey}, 
year={2016}, 
volume={18}, 
number={1}, 
pages={732-794}, 
keywords={Internet;computer centres;energy consumption;operating systems (computers);power aware computing;telecommunication power management;virtual machines;data center energy consumption modeling;data center power modeling;digital circuit level;energy-efficient operations;energy-hungry infrastructures;hardware component level;hardware-centric power models;hierarchical structure;large-scale Internet-based services;operating systems;server level;software-centric power models;virtual machines;Computational modeling;Data models;Energy consumption;Mathematical model;Power demand;Predictive models;Servers;Cloud Computing;Data Center;Data center;Energy Consumption Modeling;Energy Efficiency;cloud computing;energy consumption modeling;energy efficiency}, 
doi={10.1109/COMST.2015.2481183}, 
ISSN={1553-877X}, 
month={Firstquarter},}

@article{VanHeddeghem:2014:TWI:2657027.2657141,
 author = {Van Heddeghem, Ward and Lambert, Sofie and Lannoo, Bart and Colle, Didier and Pickavet, Mario and Demeester, Piet},
 title = {Trends in Worldwide ICT Electricity Consumption from 2007 to 2012},
 journal = {Comput. Commun.},
 issue_date = {September, 2014},
 volume = {50},
 month = sep,
 year = {2014},
 issn = {0140-3664},
 pages = {64--76},
 numpages = {13},
 url = {http://dx.doi.org/10.1016/j.comcom.2014.02.008},
 doi = {10.1016/j.comcom.2014.02.008},
 acmid = {2657141},
 publisher = {Elsevier Science Publishers B. V.},
 address = {Amsterdam, The Netherlands, The Netherlands},
 keywords = {Electricity consumption, Energy-efficiency, Footprint, Green ICT, Power consumption},
} 


%NOVAS CITAÇÕES SP
%__CASSANDRA__ 
@article{CASSANDRA,
 author = {Lakshman, Avinash and Malik, Prashant},
 title = {Cassandra: A Decentralized Structured Storage System},
 journal = {SIGOPS Oper. Syst. Rev.},
 issue_date = {April 2010},
 volume = {44},
 number = {2},
 month = apr,
 year = {2010},
 issn = {0163-5980},
 pages = {35--40},
 numpages = {6},
 url = {http://doi.acm.org/10.1145/1773912.1773922},
 doi = {10.1145/1773912.1773922},
 acmid = {1773922},
 publisher = {ACM},
 address = {New York, NY, USA},
} 

@article{overviewCassandra,
  title={Cassandra: Principles and Application},
  author={Featherston, Dietrich},
  journal={Department of Computer Science University of Illinois at Urbana-Champaign},
  year={2010}
}
%REPOSITÓRIO DO NDBENCH
@misc{NDBenchGIT,
title={{Netflix}/{NDBench} Github},
author={{Netflix Open Source Platform}},
howpublished={Disponível em: \url{github.com/Netflix/ndbench}},
note = {Acessado: 2019-03-19}
}
%ARTIGO DO NDBENCH
@article{NDBenchPAPER,
  title={{NDBench}: Benchmarking Microservices at Scale},
  author={Papapanagiotou, Ioannis and Chella, Vinay},
  journal={arXiv preprint arXiv:1807.10792},
  year={2018}
}

%YCSB PAPER
@inproceedings{YcsbPaper,
  title={{Benchmarking cloud serving systems with YCSB}},
  author={Cooper, Brian F and Silberstein, Adam and Tam, Erwin and Ramakrishnan, Raghu and Sears, Russell},
  booktitle={Proceedings of the 1st ACM symposium on Cloud computing},
  pages={143--154},
  year={2010},
  organization={ACM}
}

%ARTIGO LUIZ
@ARTICLE{luiz,
author={L. F. {Bittencourt} and J. {Diaz-Montes} and R. {Buyya} and O. F. {Rana} and M. {Parashar}},
journal={IEEE Cloud Computing},
title={Mobility-Aware Application Scheduling in Fog Computing},
year={2017},
volume={4},
number={2},
pages={26-35},
keywords={cloud computing;computer centres;mobile computing;resource allocation;scheduling;storage management;mobility-aware application scheduling;fog computing;distributed infrastructure;low-latency access;application requests;centralized clouds;data center-based clouds;resource allocation;resource management;fog infrastructure;end-user devices;remote processing;centralized data centers;remote storage;cloud computing;smart device mobility;resource scheduling;concurrent scheduling policy;FCFS scheduling policy;delay-priority scheduling policy;Cloud computing;Edge computing;Resource management;Processor scheduling;Computational modeling;Detectors;Mobile communication;distributed computing;distributed management;Middleware;scheduling algorithms},
doi={10.1109/MCC.2017.27},
ISSN={2325-6095},
month={March},}

%DO RELATÓRIO DA USP
% Minhas
@Article{Huang2019,
author="Huang, Tiansheng
and Lin, Weiwei
and Li, Yin
and He, LiGang
and Peng, ShaoLiang",
title="A Latency-Aware Multiple Data Replicas Placement Strategy for Fog Computing",
journal="Journal of Signal Processing Systems",
year="2019",
month="Feb",
day="22",
abstract="With the rapid increase of the number of IoT devices, transmitting big amount of data from these devices to data centers which are far away will cause problems like high latency or network congestions. Fog Computing provides a better solution for Fog-enabled latency sensitive data services to place data on Fog nodes which are closer to the data generators. However, recent studies only focus on the data placement problem of placing one single data replica to the proper Fog node. Under the situation that there are several data consumers whose topology positions are different subscribing the same data, one single data replica cannot meet the latency requirement of all the consumers. Hence, we build a multi-replica data placement model iFogStorM for Fog Computing to formulate the problem of how many data replicas need to be placed on Fog nodes and how to optimize the data placement. Furthermore, we propose a greedy algorithm based data replica placement strategy, MultiCopyStorage, to reduce the overall latency. MultiCopyStorage uses a pruning method to filter the inferior solutions calculates the overall latency and chooses the solution with the minimum overall latency as the final solution. We conducted experiments on iFogSim, a toolkit for modeling and simulation of Fog Computing, evaluated the proposed strategy with the CloudStorage strategy, Closest Node strategy, iFogStor strategy, and two kinds of heuristic strategy, iFogStorZ, and iFogStorG. The experiment result demonstrates that MultiCopyStorage strategy reduces the overall latency by 6{\%} and 10{\%} compared to iFogStor and iFogStorG strategy respectively. Meanwhile, execution time of the MultiCopyStorage is less than the heuristic strategy, iFogStorG and iFogStorZ, which proves that the proposed strategy can support real-time scheduling.",
issn="1939-8115",
doi="10.1007/s11265-019-1444-5",
url="https://doi.org/10.1007/s11265-019-1444-5"
}

@inproceedings{inproceedings,
author = {R. Nakhkash, Mohammad and Nguyen gia, Tuan and Azimi, Iman and Anzanpour, Arman and Rahmani, Amir M. and Liljeberg, Pasi},
year = {2019},
month = {02},
pages = {68--73},
title = {Analysis of Performance and Energy Consumption of Wearable Devices and Mobile Gateways in IoT Applications},
booktitle = {International Conference on Omni-Layer Intelligent Systems -- COINS '19},
}

@article{comparison,
author = {Shah, Munam and Anwaar, Waqas},
year = {2015},
month = {01},
pages = {410-413},
title = {Energy Efficient Computing: A Comparison of Raspberry PI with Modern Devices},
volume = {4},
journal = {International Journal of Computer and Information Technology}
}

 @INPROCEEDINGS{Joao,
 AUTHOR =       {J. Oliveira and V. Ataides and PILLA, M. L. and PILLA, L. L.},
 TITLE =        {Analize de desempenho de um no computacional de baixo consumo utilizando benchmark YCSB},
 BOOKTITLE =    {XVII Escola Regional de Alto Desempenho},
 YEAR =         {2017},
 pages =        {207-210},
 address =      {Ijui/RS, Brasil},
 }
 
 @article{gubbi2013internet,
  title={{Internet of Things (IoT): A vision, architectural elements, and future directions}},
  author={Gubbi, Jayavardhana and Buyya, Rajkumar and Marusic, Slaven and Palaniswami, Marimuthu},
  journal={Future generation computer systems},
  volume={29},
  number={7},
  pages={1645--1660},
  year={2013},
  publisher={Elsevier}
}

%DE FOG
@ARTICLE{caracteristicas,
author={C. C. {Byers}},
journal={IEEE Communications Magazine},
title={Architectural Imperatives for Fog Computing: Use Cases, Requirements, and Architectural Techniques for Fog-Enabled IoT Networks},
year={2017},
volume={55},
number={8},
pages={14-20},
keywords={cloud computing;Internet of Things;architectural imperatives;fog computing;use cases;architectural requirements;architectural techniques;fog-enabled IoT networks;centralized functions;cloud computing;critical Internet of Things networks;Edge computing;Cloud computing;Computer architecture;Network security;Bandwidth;Servers;Delays},
doi={10.1109/MCOM.2017.1600885},
ISSN={0163-6804},
month={Aug},}

@inproceedings{Bonomi:2012:FCR:2342509.2342513,
 author = {Bonomi, Flavio and Milito, Rodolfo and Zhu, Jiang and Addepalli, Sateesh},
 title = {Fog Computing and Its Role in the Internet of Things},
 booktitle = {Proceedings of the First Edition of the MCC Workshop on Mobile Cloud Computing},
 series = {MCC '12},
 year = {2012},
 isbn = {978-1-4503-1519-7},
 location = {Helsinki, Finland},
 pages = {13--16},
 numpages = {4},
 url = {http://doi.acm.org/10.1145/2342509.2342513},
 doi = {10.1145/2342509.2342513},
 acmid = {2342513},
 publisher = {ACM},
 address = {New York, NY, USA},
 keywords = {analytics, cloud computing, fog computing, iot, real time systems, software defined networks, wsan},
} 

%CLOUD
@misc{mell2011nist,
  title={The {NIST} definition of cloud computing},
  author={Mell, Peter and Grance, Timothy},
  year={2011},
  publisher={National Institute of Standards and Technology},
  howpublished={NIST Special Publication 800--145}
}

%CARROS AUTONAMOS
@INPROCEEDINGS{cars1,
author={M. {Gerla} and E. {Lee} and G. {Pau} and U. {Lee}},
booktitle={2014 IEEE World Forum on Internet of Things (WF-IoT)},
title={Internet of vehicles: From intelligent grid to autonomous cars and vehicular clouds},
year={2014},
volume={},
number={},
pages={241-246},
keywords={cloud computing;grid computing;Internet of Things;telecommunication computing;vehicular ad hoc networks;autonomous cars;vehicular clouds;intelligent vehicle grid;safe navigation;pollution control;traffic management;Google car;Internet of vehicles;Internet of Things;Internet cloud;VANET;Vehicles;Cloud computing;Roads;Mobile robots;Accidents;Cameras},
doi={10.1109/WF-IoT.2014.6803166},
ISSN={},
month={March},}

%INDRUSTRIA 4.0
@article{industry4.0,
  title={{The Industrial Internet-of-Things in the Industry 4.0 supply chains of small and medium sized enterprises}},
  author={Radanliev, Petar and De Roure, David Charles and Nurse, Jason RC and Montalvo, Rafael Mantilla and Burnap, Peter},
  journal={University of Oxford},
  year={2019}
}

%REPOSITÓRIO PROJETO 
@misc{MeuRepositorio,
title={SouzaGuilherme/research\_PI3\_evaluate\_experiment},
author={{SouzaGuilherme}},
howpublished={Disponível em:{\url{https://github.com/SouzaGuilherme/research_PI3_evaluate_experiment}}},
note = {Acessado: 2019-07-11}
}

@article{cattell2011scalable,
  title={{Scalable SQL and NoSQL data stores}},
  author={Cattell, Rick},
  journal={Acm Sigmod Record},
  volume={39},
  number={4},
  pages={12--27},
  year={2011},
  publisher={ACM}
}

@article{maksimovic2014raspberry,
  title={Raspberry Pi as Internet of things hardware: performances and constraints},
  author={Maksimovi{\'c}, Mirjana and Vujovi{\'c}, Vladimir and Davidovi{\'c}, Nikola and Milo{\v{s}}evi{\'c}, Vladimir and Peri{\v{s}}i{\'c}, Branko},
  journal={Design Issues},
  volume={3},
  number={8},
  year={2014}
}

@misc{PI4,
  title = {Raspberry PI 4},
  howpublished = {\url{https://www.raspberrypi.org/products/raspberry-pi-4-model-b}},
  note = {Accessed: 2019-08-02}
}

@misc{front_back,
  title={Adaptable management of web application state in a micro-service architecture},
  author={Buehler, Dieter and Falkenberg, Matthias and Tchamabe, Armelle Parfaite Gaha and Karaoguz, Nedim and Steinheber, Thomas},
  year={2019},
  month=apr # "~30",
  publisher={Google Patents},
  note={US Patent App. 10/275,235}
}

@misc{shinyloadtest,
title={Load Testing Shiny Applications},
author={{Barret Schloerke, Alan Dipert, Barbara Borges}},
howpublished={Disponível em:{\url{https://rstudio.github.io/shinyloadtest/}}},
note = {Acessado: 2021-08-20}
}

@article{syhda,
  title={SYHDA--System of Hydrological Data Acquisition and Analysis},
  author={Vargas, Marcelle Martins and Beskow, Samuel and Caldeira, Tamara Leitzke and Corr{\^e}a, Leonardo de Lima and Cunha, Zandra Almeida da},
  journal={RBRH},
  volume={24},
  year={2019},
  publisher={SciELO Brasil}
}

@misc{whatR,
title={What is R?},
author={{The R Fundation}},
howpublished={Disponível em:{\url{https://www.r-project.org/about.html}}},
note = {Acessado: 2021-08-20}
}

@misc{ShinyappsEscalabilidade, 
  title={Scaling and Performance Tuning with shinyapps.io}, url={https://shiny.rstudio.com/articles/scaling-and-tuning.html}, 
  urldate={2021-06-18},
  author={Shiny Articles}, 
  year={2015}, 
  month={JAN}
}

@misc{singleThreads, 
  title={Shiny: Performance-Tuning mit future & promises – Die Theorie}, url={https://www.eoda.de/wissen/blog/shiny-performance-tuning-mit-future-promises-die-theorie/}, 
  urldate={2021-06-24},
  author={Christian Ewald}, 
  year={2020}, 
  month={MAR}
}

@inproceedings{silva2019estudo,
  title={Estudo de viabilidade do uso de Raspberry PI na n{\'e}voa},
  author={Silva, Guilherme and Lago, Nelson and Cavalheiro, Gerson Geraldo and Goldman, Alfredo},
  booktitle={Anais do XX Simp{\'o}sio em Sistemas Computacionais de Alto Desempenho},
  pages={204--215},
  year={2019},
  organization={SBC}
}

@article{VanHeddeghem:2014:TWI:2657027.2657141,
 author = {Van Heddeghem, Ward and Lambert, Sofie and Lannoo, Bart and Colle, Didier and Pickavet, Mario and Demeester, Piet},
 title = {Trends in Worldwide ICT Electricity Consumption from 2007 to 2012},
 journal = {Comput. Commun.},
 issue_date = {September, 2014},
 volume = {50},
 month = sep,
 year = {2014},
 issn = {0140-3664},
 pages = {64--76},
 numpages = {13},
 url = {http://dx.doi.org/10.1016/j.comcom.2014.02.008},
 doi = {10.1016/j.comcom.2014.02.008},
 acmid = {2657141},
 publisher = {Elsevier Science Publishers B. V.},
 address = {Amsterdam, The Netherlands, The Netherlands},
 keywords = {Electricity consumption, Energy-efficiency, Footprint, Green ICT, Power consumption},
} 

@INPROCEEDINGS{energy,
  author={Guyon, David and Orgerie, Anne-Cécile and Morin, Chrtistine and Agarwal, Deb},
  booktitle={2017 25th Euromicro International Conference on Parallel, Distributed and Network-based Processing (PDP)}, 
  title={How Much Energy Can Green HPC Cloud Users Save?}, 
  year={2017},
  volume={},
  number={},
  pages={416-420},
  doi={10.1109/PDP.2017.62}}

@INPROCEEDINGS{PiConsumo,
  author={Kaup, Fabian and Gottschling, Philip and Hausheer, David},
  booktitle={39th Annual IEEE Conference on Local Computer Networks}, 
  title={PowerPi: Measuring and modeling the power consumption of the Raspberry Pi}, 
  year={2014},
  volume={},
  number={},
  pages={236-243},
  doi={10.1109/LCN.2014.6925777}}
  
  @misc{documentShiny, 
  title={Load Testing Shiny Applications}, url={https://rstudio.github.io/shinyloadtest/}, 
  urldate={2021-08-24},
  author={{Barret Schloerke, Alan Dipert, Barbara Borges}},
}